@ARTICLE{Agol2005,
   author = {{Agol}, E. and {Steffen}, J. and {Sari}, R. and {Clarkson}, W.
	},
    title = "{On detecting terrestrial planets with timing of giant planet transits}",
  journal = {\mnras},
   eprint = {astro-ph/0412032},
 keywords = {eclipses, planetary systems, extrasolar planets, transiting planets, planetary dynamics},
     year = 2005,
    month = may,
   volume = 359,
    pages = {567-579},
      doi = {10.1111/j.1365-2966.2005.08922.x},
   adsurl = {http://adsabs.harvard.edu/abs/2005MNRAS.359..567A},
  adsnote = {Provided by the SAO/NASA Astrophysics Data System}
}

@ARTICLE{Agol2015,
   author = {{Agol}, E. and {Jansen}, T. and {Lacy}, B. and {Robinson}, T.~D. and 
	{Meadows}, V.},
    title = "{The Center of Light: Spectroastrometric Detection of Exomoons}",
  journal = {\apj},
archivePrefix = "arXiv",
   eprint = {1509.01615},
 primaryClass = "astro-ph.EP",
 keywords = {astrometry, planets and satellites: detection, techniques: imaging spectroscopy},
     year = 2015,
    month = oct,
   volume = 812,
      eid = {5},
    pages = {5},
      doi = {10.1088/0004-637X/812/1/5},
   adsurl = {http://adsabs.harvard.edu/abs/2015ApJ...812....5A},
  adsnote = {Provided by the SAO/NASA Astrophysics Data System}
}

@article{Agol2016,
  doi = {10.3847/0004-637x/818/2/177},
  url = {https://doi.org/10.3847/0004-637x/818/2/177},
  year = {2016},
  month = feb,
  publisher = {American Astronomical Society},
  volume = {818},
  number = {2},
  pages = {177},
  author = {Eric Agol and Katherine Deck},
  title = {{TRANSIT} {TIMING} {TO} {FIRST} {ORDER} {IN} {ECCENTRICITY}},
  journal = {The Astrophysical Journal}
}

@incollection{Agol2017,
author="Agol, Eric
and Fabrycky, Daniel C.",
editor="Deeg, Hans J.
and Belmonte, Juan Antonio",
title="Transit-Timing and Duration Variations for the Discovery and Characterization of Exoplanets",
bookTitle="Handbook of Exoplanets ",
year="2017",
publisher="Springer International Publishing",
address="Cham",
pages="1--20",
isbn="978-3-319-30648-3",
doi="10.1007/978-3-319-30648-3_7-1",
url="https://doi.org/10.1007/978-3-319-30648-3_7-1"
}

@article{Agol2021,
  doi = {10.3847/psj/abd022},
  url = {https://doi.org/10.3847/psj/abd022},
  year = {2021},
  month = jan,
  publisher = {American Astronomical Society},
  volume = {2},
  number = {1},
  pages = {1},
  author = {Eric Agol and Caroline Dorn and Simon L. Grimm and Martin Turbet and Elsa Ducrot and Laetitia Delrez and MichaÃ«l Gillon and Brice-Olivier Demory and Artem Burdanov and Khalid Barkaoui and Zouhair Benkhaldoun and Emeline Bolmont and Adam Burgasser and Sean Carey and Julien de Wit and Daniel Fabrycky and Daniel Foreman-Mackey and Jonas Haldemann and David M. Hernandez and James Ingalls and Emmanuel Jehin and Zachary Langford and J{\'{e}}r{\'{e}}my Leconte and Susan M. Lederer and Rodrigo Luger and Renu Malhotra and Victoria S. Meadows and Brett M. Morris and Francisco J. Pozuelos and Didier Queloz and Sean N. Raymond and Franck Selsis and Marko Sestovic and Amaury H. M. J. Triaud and Valerie Van Grootel},
  title = {Refining the Transit-timing and Photometric Analysis of {TRAPPIST}-1: Masses,  Radii,  Densities,  Dynamics,  and Ephemerides},
  journal = {The Planetary Science Journal}
}

@ARTICLE{Baluev2013,
   author = {{Baluev}, R.~V.},
    title = "{PlanetPack: A radial-velocity time-series analysis tool facilitating exoplanets detection, characterization, and dynamical simulations}",
  journal = {Astronomy and Computing},
archivePrefix = "arXiv",
   eprint = {1306.1446},
 primaryClass = "astro-ph.IM",
 keywords = {Planets and satellites: detection, Planets and satellites: dynamical evolution and stability, Techniques: radial velocities, Methods: data analysis, Methods: statistical, Surveys},
     year = 2013,
    month = aug,
   volume = 2,
    pages = {18-26},
      doi = {10.1016/j.ascom.2013.07.001},
   adsurl = {http://adsabs.harvard.edu/abs/2013A%26C.....2...18B},
  adsnote = {Provided by the SAO/NASA Astrophysics Data System}
}

@article{Bezanson2017,
  doi = {10.1137/141000671},
  url = {https://doi.org/10.1137/141000671},
  year  = {2017},
  month = {jan},
  publisher = {Society for Industrial {\&} Applied Mathematics ({SIAM})},
  volume = {59},
  number = {1},
  pages = {65--98},
  author = {Jeff Bezanson and Alan Edelman and Stefan Karpinski and Viral B. Shah},
  title = {Julia: A Fresh Approach to Numerical Computing},
  journal = {{SIAM} Review}
}

@article{Blackford2002,
  title={An updated set of basic linear algebra subprograms (BLAS)},
  author={Blackford, L Susan and Petitet, Antoine and Pozo, Roldan and Remington, Karin and Whaley, R Clint and Demmel, James and Dongarra, Jack and Duff, Iain and Hammarling, Sven and Henry, Greg and others},
  journal={ACM Transactions on Mathematical Software},
  volume={28},
  number={2},
  pages={135--151},
  year={2002}
}

@article{Borsato2014,
  doi = {10.1051/0004-6361/201424080},
  url = {https://doi.org/10.1051/0004-6361/201424080},
  year = {2014},
  month = nov,
  publisher = {{EDP} Sciences},
  volume = {571},
  pages = {A38},
  author = {L. Borsato and F. Marzari and V. Nascimbeni and G. Piotto and V. Granata and L. R. Bedin and L. Malavolta},
  title = {{TRADES}: A new software to derive orbital parameters from observed transit times and radial velocities},
  journal = {Astronomy {\&} Astrophysics}
}

@article{Borsato2019,
  doi = {10.1093/mnras/stz181},
  url = {https://doi.org/10.1093/mnras/stz181},
  year = {2019},
  month = jan,
  publisher = {Oxford University Press ({OUP})},
  volume = {484},
  number = {3},
  pages = {3233--3243},
  author = {L Borsato and L Malavolta and G Piotto and L A Buchhave and A Mortier and K Rice and A C Cameron and A Coffinet and A Sozzetti and D Charbonneau and R Cosentino and X Dumusque and P Figueira and D W Latham and M Lopez-Morales and M Mayor and G Micela and E Molinari and F Pepe and D Phillips and E Poretti and S Udry and C Watson},
  title = {{HARPS}-N radial velocities confirm the low densities of the Kepler-9 planets},
  journal = {Monthly Notices of the Royal Astronomical Society}
}

@article{Brouwer1937,
  doi = {10.1086/105423},
  url = {https://doi.org/10.1086/105423},
  year = {1937},
  month = oct,
  publisher = {American Astronomical Society},
  volume = {46},
  pages = {149},
  author = {Dirk Brouwer},
  title = {On the accumulation of errors in numerical integration},
  journal = {The Astronomical Journal}
}

@ARTICLE{Carter2011,
   author = {{Carter}, J.~A. and {Fabrycky}, D.~C. and {Ragozzine}, D. and 
	{Holman}, M.~J. and {Quinn}, S.~N. and {Latham}, D.~W. and {Buchhave}, L.~A. and 
	{Van Cleve}, J. and {Cochran}, W.~D. and {Cote}, M.~T. and {Endl}, M. and 
	{Ford}, E.~B. and {Haas}, M.~R. and {Jenkins}, J.~M. and {Koch}, D.~G. and 
	{Li}, J. and {Lissauer}, J.~J. and {MacQueen}, P.~J. and {Middour}, C.~K. and 
	{Orosz}, J.~A. and {Rowe}, J.~F. and {Steffen}, J.~H. and {Welsh}, W.~F.
	},
    title = "{KOI-126: A Triply Eclipsing Hierarchical Triple with Two Low-Mass Stars}",
  journal = {Science},
archivePrefix = "arXiv",
   eprint = {1102.0562},
 primaryClass = "astro-ph.SR",
     year = 2011,
    month = feb,
   volume = 331,
    pages = {562},
      doi = {10.1126/science.1201274},
   adsurl = {http://adsabs.harvard.edu/abs/2011Sci...331..562C},
  adsnote = {Provided by the SAO/NASA Astrophysics Data System}
}

@article{Carter2012,
  doi = {10.1126/science.1223269},
  url = {https://doi.org/10.1126/science.1223269},
  year  = {2012},
  month = {jun},
  publisher = {American Association for the Advancement of Science ({AAAS})},
  volume = {337},
  number = {6094},
  pages = {556--559},
  author = {J. A. Carter and E. Agol and W. J. Chaplin and S. Basu and T. R. Bedding and L. A. Buchhave and J. Christensen-Dalsgaard and K. M. Deck and Y. Elsworth and D. C. Fabrycky and E. B. Ford and J. J. Fortney and S. J. Hale and R. Handberg and S. Hekker and M. J. Holman and D. Huber and C. Karoff and S. D. Kawaler and H. Kjeldsen and J. J. Lissauer and E. D. Lopez and M. N. Lund and M. Lundkvist and T. S. Metcalfe and A. Miglio and L. A. Rogers and D. Stello and W. J. Borucki and S. Bryson and J. L. Christiansen and W. D. Cochran and J. C. Geary and R. L. Gilliland and M. R. Haas and J. Hall and A. W. Howard and J. M. Jenkins and T. Klaus and D. G. Koch and D. W. Latham and P. J. MacQueen and D. Sasselov and J. H. Steffen and J. D. Twicken and J. N. Winn},
  title = {Kepler-36: A Pair of Planets with Neighboring Orbits and Dissimilar Densities},
  journal = {Science}
}

@article{Channell1991,
  title={Integrators for Lie-Poisson dynamical systems},
  author={Channell, PJ and Scovel, JC},
  journal={Physica D: Nonlinear Phenomena},
  volume={50},
  number={1},
  pages={80--88},
  year={1991},
  publisher={Elsevier}
}

@article{Danby1983,
  doi = {10.1007/bf01686811},
  url = {https://doi.org/10.1007/bf01686811},
  year  = {1983},
  month = {oct},
  publisher = {Springer Nature},
  volume = {31},
  number = {2},
  pages = {95--107},
  author = {J. M. A. Danby and T. M. Burkardt},
  title = {The solution of Kepler{\textquotesingle}s equation,  I},
  journal = {Celestial Mechanics}
}

@article{Deck:2014,
	Author = {{Deck}, K.~M. and {Agol}, E. and {Holman}, M.~J. and {Nesvorn{\'y}}, D.},
	Journal = {The Astrophysical Journal},
	Month = jun,
	Pages = {132},
	Title = {{TTVFast: An Efficient and Accurate Code for Transit Timing Inversion Problems}},
	Volume = 787,
	Year = 2014}

@article{Deck2015,
  doi = {10.1088/0004-637x/802/2/116},
  url = {https://doi.org/10.1088/0004-637x/802/2/116},
  year = {2015},
  month = apr,
  publisher = {{IOP} Publishing},
  volume = {802},
  number = {2},
  pages = {116},
  author = {Katherine M. Deck and Eric Agol},
  title = {{MEASUREMENT} {OF} {PLANET} {MASSES} {WITH} {TRANSIT} {TIMING} {VARIATIONS} {DUE} {TO} {SYNODIC} {\textquotedblleft}{CHOPPING}{\textquotedblright} {EFFECTS}},
  journal = {The Astrophysical Journal}
}

@article{Deck2016,
  doi = {10.3847/0004-637x/821/2/96},
  url = {https://doi.org/10.3847/0004-637x/821/2/96},
  year = {2016},
  month = apr,
  publisher = {American Astronomical Society},
  volume = {821},
  number = {2},
  pages = {96},
  author = {Katherine M. Deck and Eric Agol},
  title = {{TRANSIT} {TIMING} {VARIATIONS} {FOR} {PLANETS} {NEAR} {ECCENTRICITY}-{TYPE} {MEAN} {MOTION} {RESONANCES}},
  journal = {The Astrophysical Journal}
}

@ARTICLE{Dehnen2017,
   author = {{Dehnen}, W. and {Hernandez}, D.~M.},
    title = "{Symplectic fourth-order maps for the collisional N -body problem}",
  journal = {\mnras},
archivePrefix = "arXiv",
   eprint = {1609.09375},
 primaryClass = "math.NA",
 keywords = {gravitation, methods: analytical, methods: numerical, celestial mechanics, planets and satellites: dynamical evolution and stability, globular clusters: general},
     year = 2017,
    month = feb,
   volume = 465,
    pages = {1201-1217},
      doi = {10.1093/mnras/stw2758},
   adsurl = {http://adsabs.harvard.edu/abs/2017MNRAS.465.1201D},
  adsnote = {Provided by the SAO/NASA Astrophysics Data System}
}

@ARTICLE{Doyle2011,
   author = {{Doyle}, L.~R. and {Carter}, J.~A. and {Fabrycky}, D.~C. and 
	{Slawson}, R.~W. and {Howell}, S.~B. and {Winn}, J.~N. and {Orosz}, J.~A. and 
	{Pr\v{s}a}, A. and {Welsh}, W.~F. and {Quinn}, S.~N. and 
	{Latham}, D. and {Torres}, G. and {Buchhave}, L.~A. and {Marcy}, G.~W. and 
	{Fortney}, J.~J. and {Shporer}, A. and {Ford}, E.~B. and {Lissauer}, J.~J. and 
	{Ragozzine}, D. and {Rucker}, M. and {Batalha}, N. and {Jenkins}, J.~M. and 
	{Borucki}, W.~J. and {Koch}, D. and {Middour}, C.~K. and {Hall}, J.~R. and 
	{McCauliff}, S. and {Fanelli}, M.~N. and {Quintana}, E.~V. and 
	{Holman}, M.~J. and {Caldwell}, D.~A. and {Still}, M. and {Stefanik}, R.~P. and 
	{Brown}, W.~R. and {Esquerdo}, G.~A. and {Tang}, S. and {Furesz}, G. and 
	{Geary}, J.~C. and {Berlind}, P. and {Calkins}, M.~L. and {Short}, D.~R. and 
	{Steffen}, J.~H. and {Sasselov}, D. and {Dunham}, E.~W. and 
	{Cochran}, W.~D. and {Boss}, A. and {Haas}, M.~R. and {Buzasi}, D. and 
	{Fischer}, D.},
    title = "{Kepler-16: A Transiting Circumbinary Planet}",
  journal = {Science},
archivePrefix = "arXiv",
   eprint = {1109.3432},
 primaryClass = "astro-ph.EP",
     year = 2011,
    month = sep,
   volume = 333,
    pages = {1602},
      doi = {10.1126/science.1210923},
   adsurl = {http://adsabs.harvard.edu/abs/2011Sci...333.1602D},
  adsnote = {Provided by the SAO/NASA Astrophysics Data System}
}


@article{Emelyanov2005,
  doi = {10.1051/0004-6361:200500143},
  url = {https://doi.org/10.1051/0004-6361:200500143},
  year  = {2005},
  month = {jul},
  publisher = {{EDP} Sciences},
  volume = {438},
  number = {3},
  pages = {L33--L36},
  author = {N. V. Emelyanov},
  title = {The mass of Himalia from the perturbations on other satellites 
		 },
  journal = {Astronomy {\&} Astrophysics}
}

@incollection{Fabrycky2010,
   author = {{Fabrycky}, D.~C.},
    title = "{Non-Keplerian Dynamics of Exoplanets}",
booktitle = {Exoplanets},
     year = 2010,
    month = dec,
   editor = {{Seager}, S.},
    pages = {217-238},
    publisher = {University of Arizona Press: Tucson, AZ},
   adsurl = {http://adsabs.harvard.edu/abs/2010exop.book..217F},
  adsnote = {Provided by the SAO/NASA Astrophysics Data System}
}

@article{Farr2007,
  doi = {10.1086/518641},
  url = {https://doi.org/10.1086/518641},
  year  = {2007},
  month = {jul},
  publisher = {{IOP} Publishing},
  volume = {663},
  number = {2},
  pages = {1420--1433},
  author = {Will M. Farr and Edmund Bertschinger},
  title = {Variational Integrators for the {GravitationalN}-Body Problem},
  journal = {The Astrophysical Journal}
}

@article{Freudenthal2018,
  doi = {10.1051/0004-6361/201833436},
  url = {https://doi.org/10.1051/0004-6361/201833436},
  year = {2018},
  month = oct,
  publisher = {{EDP} Sciences},
  volume = {618},
  pages = {A41},
  author = {J. Freudenthal and C. von Essen and S. Dreizler and S. Wedemeyer and E. Agol and B. M. Morris and A. C. Becker and M. Mallonn and S. Hoyer and A. Ofir and L. Tal-Or and H. J. Deeg and E. Herrero and I. Ribas and S. Khalafinejad and J. Hern{\'{a}}ndez and M. M. Rodr{\'{\i}}guez S.},
  title = {Kepler Object of Interest Network},
  journal = {Astronomy {\&} Astrophysics}
}

@ARTICLE{GAIA2016,
   author = {{Gaia Collaboration} and {Prusti}, T. and {de Bruijne}, J.~H.~J. and 
	{Brown}, A.~G.~A. and {Vallenari}, A. and {Babusiaux}, C. and 
	{Bailer-Jones}, C.~A.~L. and {Bastian}, U. and {Biermann}, M. and 
	{Evans}, D.~W. and et al.},
    title = "{The Gaia mission}",
  journal = {\aap},
archivePrefix = "arXiv",
   eprint = {1609.04153},
 primaryClass = "astro-ph.IM",
 keywords = {space vehicles: instruments, Galaxy: structure, astrometry, parallaxes, proper motions, telescopes},
     year = 2016,
    month = nov,
   volume = 595,
      eid = {A1},
    pages = {A1},
      doi = {10.1051/0004-6361/201629272},
   adsurl = {http://adsabs.harvard.edu/abs/2016A%26A...595A...1G},
  adsnote = {Provided by the SAO/NASA Astrophysics Data System}
}

@article{Girolami2011,
  doi = {10.1111/j.1467-9868.2010.00765.x},
  url = {https://doi.org/10.1111/j.1467-9868.2010.00765.x},
  year  = {2011},
  month = {mar},
  publisher = {Wiley},
  volume = {73},
  number = {2},
  pages = {123--214},
  author = {Mark Girolami and Ben Calderhead},
  title = {Riemann manifold Langevin and Hamiltonian Monte Carlo methods},
  journal = {Journal of the Royal Statistical Society: Series B (Statistical Methodology)}
}

@ARTICLE{GoncalvesFerrari2014,
   author = {{Gon{\c c}alves Ferrari}, G. and {Boekholt}, T. and {Portegies Zwart}, S.~F.
	},
    title = "{A Keplerian-based Hamiltonian splitting for gravitational N-body simulations}",
  journal = {\mnras},
archivePrefix = "arXiv",
   eprint = {1402.3325},
 keywords = {Methods: numerical},
     year = 2014,
    month = may,
   volume = 440,
    pages = {719-730},
      doi = {10.1093/mnras/stu282},
   adsurl = {http://adsabs.harvard.edu/abs/2014MNRAS.440..719G},
  adsnote = {Provided by the SAO/NASA Astrophysics Data System}
}

@article{Grimm2014,
  doi = {10.1088/0004-637x/796/1/23},
  url = {https://doi.org/10.1088/0004-637x/796/1/23},
  year = {2014},
  month = oct,
  publisher = {American Astronomical Society},
  volume = {796},
  number = {1},
  pages = {23},
  author = {Simon L. Grimm and Joachim G. Stadel},
  title = {{THE} {GENGA} {CODE}: {GRAVITATIONAL} {ENCOUNTERS} {INN}-{BODY} {SIMULATIONS} {WITH} {GPU} {ACCELERATION}},
  journal = {The Astrophysical Journal}
}

@article{Grimm2018,
  doi = {10.1051/0004-6361/201732233},
  url = {https://doi.org/10.1051/0004-6361/201732233},
  year = {2018},
  month = may,
  publisher = {{EDP} Sciences},
  volume = {613},
  pages = {A68},
  author = {Simon L. Grimm and Brice-Olivier Demory and MichaÃ«l Gillon and Caroline Dorn and Eric Agol and Artem Burdanov and Laetitia Delrez and Marko Sestovic and Amaury H. M. J. Triaud and Martin Turbet and {\'{E}}meline Bolmont and Anthony Caldas and Julien de Wit and EmmanuÃ«l Jehin and J{\'{e}}r{\'{e}}my Leconte and Sean N. Raymond and Val{\'{e}}rie Van Grootel and Adam J. Burgasser and Sean Carey and Daniel Fabrycky and Kevin Heng and David M. Hernandez and James G. Ingalls and Susan Lederer and Franck Selsis and Didier Queloz},
  title = {The nature of the {TRAPPIST}-1 exoplanets},
  journal = {Astronomy {\&} Astrophysics}
}

@article{Hadden2016,
  doi = {10.3847/0004-637x/828/1/44},
  url = {https://doi.org/10.3847/0004-637x/828/1/44},
  year = {2016},
  month = aug,
  publisher = {American Astronomical Society},
  volume = {828},
  number = {1},
  pages = {44},
  author = {Sam Hadden and Yoram Lithwick},
  title = {{NUMERICAL} {AND} {ANALYTICAL} {MODELING} {OF} {TRANSIT} {TIMING} {VARIATIONS}},
  journal = {The Astrophysical Journal}
}

@article{Hadden2017,
  doi = {10.3847/1538-3881/aa71ef},
  url = {https://doi.org/10.3847/1538-3881/aa71ef},
  year = {2017},
  month = jun,
  publisher = {American Astronomical Society},
  volume = {154},
  number = {1},
  pages = {5},
  author = {Sam Hadden and Yoram Lithwick},
  title = {Kepler Planet Masses and Eccentricities from {TTV} Analysis},
  journal = {The Astronomical Journal}
}

@ARTICLE{Hamers2016,
   author = {{Hamers}, A.~S. and {Portegies Zwart}, S.~F.},
    title = "{Secular dynamics of hierarchical multiple systems composed of nested binaries, with an arbitrary number of bodies and arbitrary hierarchical structure. First applications to multiplanet and multistar systems}",
  journal = {\mnras},
archivePrefix = "arXiv",
   eprint = {1511.00944},
 primaryClass = "astro-ph.SR",
 keywords = {gravitation, celestial mechanics, planet-star interactions, stars: kinematics and dynamics},
     year = 2016,
    month = jul,
   volume = 459,
    pages = {2827-2874},
      doi = {10.1093/mnras/stw784},
   adsurl = {http://adsabs.harvard.edu/abs/2016MNRAS.459.2827H},
  adsnote = {Provided by the SAO/NASA Astrophysics Data System}
}

@book{Hairer2006,
  title={Geometric numerical integration: structure-preserving algorithms for ordinary differential equations in Springer Series in Computational Mathematics, vol. 31},
  author={Hairer, Ernst and Lubich, Christian and Wanner, Gerhard},
  year={2006},
  publisher={Springer Science \& Business Media}
}

@article{Hairer2008,
  doi = {10.1007/s10543-008-0170-3},
  url = {https://doi.org/10.1007/s10543-008-0170-3},
  year = {2008},
  month = jun,
  publisher = {Springer Science and Business Media {LLC}},
  volume = {48},
  number = {2},
  pages = {231--243},
  author = {E. Hairer and R. I. McLachlan and A. Razakarivony},
  title = {Achieving Brouwer's law with implicit Runge{\textendash}Kutta methods},
  journal = {{BIT} Numerical Mathematics}
}

@ARTICLE{Hernandez2015,
   author = {{Hernandez}, D.~M. and {Bertschinger}, E.},
    title = "{Symplectic integration for the collisional gravitational N-body problem}",
  journal = {Monthly Notices of the Royal Astronomical Society},
archivePrefix = "arXiv",
   eprint = {1503.02728},
 primaryClass = "astro-ph.IM",
 keywords = {gravitation, methods: analytical, methods: numerical, celestial mechanics, globular clusters: general},
     year = 2015,
    month = sep,
   volume = 452,
    pages = {1934-1944},
      doi = {10.1093/mnras/stv1439},
   adsurl = {http://adsabs.harvard.edu/abs/2015MNRAS.452.1934H},
  adsnote = {Provided by the SAO/NASA Astrophysics Data System}
}

@article{Hernandez2016,
  doi = {10.1093/mnras/stw569},
  url = {https://doi.org/10.1093/mnras/stw569},
  year  = {2016},
  month = {mar},
  publisher = {Oxford University Press ({OUP})},
  volume = {458},
  number = {4},
  pages = {4285--4296},
  author = {David M. Hernandez},
  title = {Fast and reliable symplectic integration for planetary {N}-body problems},
  journal = {Monthly Notices of the Royal Astronomical Society}
}

@article{Hernandez2017,
  doi = {10.1093/mnras/stx547},
  url = {https://doi.org/10.1093/mnras/stx547},
  year  = {2017},
  month = {mar},
  publisher = {Oxford University Press ({OUP})},
  volume = {468},
  number = {3},
  pages = {2614--2636},
  author = {David M. Hernandez and Walter Dehnen},
  title = {A study of symplectic integrators for planetary system problems: error analysis and comparisons},
  journal = {Monthly Notices of the Royal Astronomical Society}
}

@article{Hernandez2020,
    author = {Hernandez, David M and Hadden, Sam and Makino, Junichiro},
    title = "{Are long-term N-body simulations reliable?}",
    journal = {Monthly Notices of the Royal Astronomical Society},
    volume = {493},
    number = {2},
    pages = {1913-1925},
    year = {2020},
    month = {02},
    abstract = "{N-body integrations are used to model a wide range of astrophysical dynamics, but they suffer from errors which make their orbits diverge exponentially in time from the correct orbits. Over long time-scales, their reliability needs to be established. We address this reliability by running a three-body planetary system over about 200 e-folding times. Using nearby initial conditions, we can construct statistics of the long-term phase-space structure and compare to rough estimates of resonant widths of the system. We compared statistics for a wide range of numerical methods, including a RungeâKutta method, WisdomâHolman method, symplectic corrector methods, and a method by Laskar and Robutel. âImprovingâ an integrator did not increase the phase-space accuracy, but simply increasing the number of initial conditions did. In fact, the statistics of a higher order symplectic corrector method were inconsistent with the other methods in one test.}",
    issn = {0035-8711},
    doi = {10.1093/mnras/staa388},
    url = {https://doi.org/10.1093/mnras/staa388},
    eprint = {https://academic.oup.com/mnras/article-pdf/493/2/1913/32696807/staa388.pdf},
}




@ARTICLE{Holman2005,
   author = {{Holman}, M.~J. and {Murray}, N.~W.},
    title = "{The Use of Transit Timing to Detect Terrestrial-Mass Extrasolar Planets}",
  journal = {Science},
   eprint = {astro-ph/0412028},
     year = 2005,
    month = feb,
   volume = 307,
    pages = {1288-1291},
      doi = {10.1126/science.1107822},
   adsurl = {http://adsabs.harvard.edu/abs/2005Sci...307.1288H},
  adsnote = {Provided by the SAO/NASA Astrophysics Data System}
}

@ARTICLE{Holman2010,
   author = {{Holman}, M.~J. and {Fabrycky}, D.~C. and {Ragozzine}, D. and 
	{Ford}, E.~B. and {Steffen}, J.~H. and {Welsh}, W.~F. and {Lissauer}, J.~J. and 
	{Latham}, D.~W. and {Marcy}, G.~W. and {Walkowicz}, L.~M. and 
	{Batalha}, N.~M. and {Jenkins}, J.~M. and {Rowe}, J.~F. and 
	{Cochran}, W.~D. and {Fressin}, F. and {Torres}, G. and {Buchhave}, L.~A. and 
	{Sasselov}, D.~D. and {Borucki}, W.~J. and {Koch}, D.~G. and 
	{Basri}, G. and {Brown}, T.~M. and {Caldwell}, D.~A. and {Charbonneau}, D. and 
	{Dunham}, E.~W. and {Gautier}, T.~N. and {Geary}, J.~C. and 
	{Gilliland}, R.~L. and {Haas}, M.~R. and {Howell}, S.~B. and 
	{Ciardi}, D.~R. and {Endl}, M. and {Fischer}, D. and {F{\"u}r{\'e}sz}, G. and 
	{Hartman}, J.~D. and {Isaacson}, H. and {Johnson}, J.~A. and 
	{MacQueen}, P.~J. and {Moorhead}, A.~V. and {Morehead}, R.~C. and 
	{Orosz}, J.~A.},
    title = "{Kepler-9: A System of Multiple Planets Transiting a Sun-Like Star, Confirmed by Timing Variations}",
  journal = {Science},
     year = 2010,
    month = oct,
   volume = 330,
    pages = {51},
      doi = {10.1126/science.1195778},
   adsurl = {http://adsabs.harvard.edu/abs/2010Sci...330...51H},
  adsnote = {Provided by the SAO/NASA Astrophysics Data System}
}

@article{Holman2016,
  doi = {10.3847/0004-6256/152/4/80},
  url = {https://doi.org/10.3847/0004-6256/152/4/80},
  year  = {2016},
  month = {sep},
  publisher = {American Astronomical Society},
  volume = {152},
  number = {4},
  pages = {80},
  author = {Matthew J. Holman and Matthew J. Payne},
  title = {{OBSERVATIONAL} {CONSTRAINTS} {ON} {PLANET} {NINE}: {ASTROMETRY} {OF} {PLUTO} {AND} {OTHER} {TRANS}-{NEPTUNIAN} {OBJECTS}},
  journal = {The Astronomical Journal}
}

@article{JontofHutter2016,
  doi = {10.3847/0004-637x/820/1/39},
  url = {https://doi.org/10.3847/0004-637x/820/1/39},
  year = {2016},
  month = mar,
  publisher = {American Astronomical Society},
  volume = {820},
  number = {1},
  pages = {39},
  author = {Daniel Jontof-Hutter and Eric B. Ford and Jason F. Rowe and Jack J. Lissauer and Daniel C. Fabrycky and Christa Van Laerhoven and Eric Agol and Katherine M. Deck and Tomer Holczer and Tsevi Mazeh},
  title = {{SECURE} {MASS} {MEASUREMENTS} {FROM} {TRANSIT} {TIMING}: 10KEPLEREXOPLANETS {BETWEEN} 3 {AND} 8M$\oplus${WITH} {DIVERSE} {DENSITIES} {AND} {INCIDENT} {FLUXES}},
  journal = {The Astrophysical Journal}
}

@article{JontofHutter2019,
  doi = {10.1146/annurev-earth-053018-060352},
  url = {https://doi.org/10.1146/annurev-earth-053018-060352},
  year = {2019},
  month = may,
  publisher = {Annual Reviews},
  volume = {47},
  number = {1},
  pages = {141--171},
  author = {Daniel Jontof-Hutter},
  title = {The Compositional Diversity of Low-Mass Exoplanets},
  journal = {Annual Review of Earth and Planetary Sciences}
}

@article{Kahan1965,
  doi = {10.1145/363707.363723},
  url = {https://doi.org/10.1145/363707.363723},
  year = {1965},
  month = jan,
  publisher = {Association for Computing Machinery ({ACM})},
  volume = {8},
  number = {1},
  pages = {40},
  author = {W. Kahan},
  title = {Pracniques: further remarks on reducing truncation errors},
  journal = {Communications of the {ACM}}
}

@article{Kipping2011,
  doi = {10.1111/j.1365-2966.2011.19086.x},
  url = {https://doi.org/10.1111/j.1365-2966.2011.19086.x},
  year  = {2011},
  month = {jul},
  publisher = {Oxford University Press ({OUP})},
  pages = {no--no},
  author = {David M. Kipping},
  title = {luna: an algorithm for generating dynamic planet-moon transits},
  journal = {Monthly Notices of the Royal Astronomical Society}
}

@ARTICLE{Laughlin2001,
   author = {{Laughlin}, G. and {Chambers}, J.~E.},
    title = "{Short-Term Dynamical Interactions among Extrasolar Planets}",
  journal = {\apjl},
   eprint = {astro-ph/0101423},
 keywords = {Stars: Planetary Systems},
     year = 2001,
    month = apr,
   volume = 551,
    pages = {L109-L113},
      doi = {10.1086/319847},
   adsurl = {http://adsabs.harvard.edu/abs/2001ApJ...551L.109L},
  adsnote = {Provided by the SAO/NASA Astrophysics Data System}
}

@article{Linial2018,
  doi = {10.3847/1538-4357/aac21b},
  url = {https://doi.org/10.3847/1538-4357/aac21b},
  year = {2018},
  month = jun,
  publisher = {American Astronomical Society},
  volume = {860},
  number = {1},
  pages = {16},
  author = {Itai Linial and Shmuel Gilbaum and Re'em Sari},
  title = {Modal Decomposition of {TTV}: Inferring Planet Masses and Eccentricities},
  journal = {The Astrophysical Journal}
}

@article{Lithwick2012,
  doi = {10.1088/0004-637x/761/2/122},
  url = {https://doi.org/10.1088/0004-637x/761/2/122},
  year  = {2012},
  month = {dec},
  publisher = {{IOP} Publishing},
  volume = {761},
  number = {2},
  pages = {122},
  author = {Yoram Lithwick and Jiwei Xie and Yanqin Wu},
  title = {{EXTRACTING} {PLANET} {MASS} {AND} {ECCENTRICITY} {FROM} {TTV} {DATA}},
  journal = {The Astrophysical Journal}
}

@article{Luger2017,
  doi = {10.3847/1538-4357/aa9c43},
  url = {https://doi.org/10.3847/1538-4357/aa9c43},
  year  = {2017},
  month = {dec},
  publisher = {American Astronomical Society},
  volume = {851},
  number = {2},
  pages = {94},
  author = {Rodrigo Luger and Jacob Lustig-Yaeger and Eric Agol},
  title = {Planet{\textendash}Planet Occultations in {TRAPPIST}-1 and Other Exoplanet Systems},
  journal = {The Astrophysical Journal}
}

@ARTICLE{Malbet2012,
   author = {{Malbet}, F. and {L{\'e}ger}, A. and {Shao}, M. and {Goullioud}, R. and 
	{Lagage}, P.-O. and {Brown}, A.~G.~A. and {Cara}, C. and {Durand}, G. and 
	{Eiroa}, C. and {Feautrier}, P. and {Jakobsson}, B. and {Hinglais}, E. and 
	{Kaltenegger}, L. and {Labadie}, L. and {Lagrange}, A.-M. and 
	{Laskar}, J. and {Liseau}, R. and {Lunine}, J. and {Maldonado}, J. and 
	{Mercier}, M. and {Mordasini}, C. and {Queloz}, D. and {Quirrenbach}, A. and 
	{Sozzetti}, A. and {Traub}, W. and {Absil}, O. and {Alibert}, Y. and 
	{Andrei}, A.~H. and {Arenou}, F. and {Beichman}, C. and {Chelli}, A. and 
	{Cockell}, C.~S. and {Duvert}, G. and {Forveille}, T. and {Garcia}, P.~J.~V. and 
	{Hobbs}, D. and {Krone-Martins}, A. and {Lammer}, H. and {Meunier}, N. and 
	{Minardi}, S. and {Moitinho de Almeida}, A. and {Rambaux}, N. and 
	{Raymond}, S. and {R{\"o}ttgering}, H.~J.~A. and {Sahlmann}, J. and 
	{Schuller}, P.~A. and {S{\'e}gransan}, D. and {Selsis}, F. and 
	{Surdej}, J. and {Villaver}, E. and {White}, G.~J. and {Zinnecker}, H.
	},
    title = "{High precision astrometry mission for the detection and characterization of nearby habitable planetary systems with the Nearby Earth Astrometric Telescope (NEAT)}",
  journal = {Experimental Astronomy},
archivePrefix = "arXiv",
   eprint = {1107.3643},
 primaryClass = "astro-ph.EP",
 keywords = {Exoplanets, Planetary systems, Planetary formation, Astrometry, Space Mission},
     year = 2012,
    month = oct,
   volume = 34,
    pages = {385-413},
      doi = {10.1007/s10686-011-9246-1},
   adsurl = {http://adsabs.harvard.edu/abs/2012ExA....34..385M},
  adsnote = {Provided by the SAO/NASA Astrophysics Data System}
}

@article{Malhotra1992,
  doi = {10.1038/356583a0},
  url = {https://doi.org/10.1038/356583a0},
  year  = {1992},
  month = {apr},
  publisher = {Springer Nature},
  volume = {356},
  number = {6370},
  pages = {583--585},
  author = {R. Malhotra and D. Black and A. Eck and A. Jackson},
  title = {Resonant orbital evolution in the putative planetary system of {PSR}1257 $\mathplus$ 12},
  journal = {Nature}
}

@misc{Mathematica,
  author = {Wolfram Research, Inc.},
  title = {Mathematica, {V}ersion 12.0},
  note = {Champaign, IL, 2019},
  year = {2019}
}

@ARTICLE{Meschiari2009,
   author = {{Meschiari}, S. and {Wolf}, A.~S. and {Rivera}, E. and {Laughlin}, G. and 
	{Vogt}, S. and {Butler}, P.},
    title = "{Systemic: A Testbed for Characterizing the Detection of Extrasolar Planets. I. The Systemic Console Package}",
  journal = {\pasp},
archivePrefix = "arXiv",
   eprint = {0907.1675},
 primaryClass = "astro-ph.EP",
     year = 2009,
    month = sep,
   volume = 121,
    pages = {1016},
      doi = {10.1086/605730},
   adsurl = {http://adsabs.harvard.edu/abs/2009PASP..121.1016M},
  adsnote = {Provided by the SAO/NASA Astrophysics Data System}
}

@ARTICLE{Meschiari2010,
   author = {{Meschiari}, S. and {Laughlin}, G.~P.},
    title = "{Systemic: A Testbed for Characterizing the Detection of Extrasolar Planets. II. Numerical Approaches to the Transit Timing Inverse Problem}",
  journal = {\apj},
archivePrefix = "arXiv",
   eprint = {1005.5396},
 primaryClass = "astro-ph.EP",
 keywords = {methods: numerical, planets and satellites: detection},
     year = 2010,
    month = jul,
   volume = 718,
    pages = {543-550},
      doi = {10.1088/0004-637X/718/1/543},
   adsurl = {http://adsabs.harvard.edu/abs/2010ApJ...718..543M},
  adsnote = {Provided by the SAO/NASA Astrophysics Data System}
}
@ARTICLE{Mikkola1999,
   author = {{Mikkola}, S. and {Innanen}, K.},
    title = "{Symplectic Tangent Map for Planetary Motions}",
  journal = {Celestial Mechanics and Dynamical Astronomy},
 keywords = {PLANETARY SYSTEMS, LIAPUNOV EXPONENTS, CHAOS, SYMPLECTIC INTEGRATION, planetary systems, Liapunov exponents, chaos, symplectic integration},
     year = 1999,
    month = may,
   volume = 74,
    pages = {59-67},
      doi = {10.1023/A:1008312912468},
   adsurl = {http://adsabs.harvard.edu/abs/1999CeMDA..74...59M},
  adsnote = {Provided by the SAO/NASA Astrophysics Data System}
}

@BOOK{Murray1999,
   author = {{Murray}, C.~D. and {Dermott}, S.~F.},
    title = "{Solar system dynamics}",
 keywords = {Solar system, Celestial Mechanics},
booktitle = {Solar system dynamics by C.D.~Murray and S.F.~McDermott.~(Cambridge, UK: Cambridge University Press),  ISBN 0-521-57295-9 (hc.), ISBN 0-521-57297-4 (pbk.).},
     year = 1999,
   adsurl = {http://adsabs.harvard.edu/abs/1999ssd..book.....M},
  adsnote = {Provided by the SAO/NASA Astrophysics Data System}
}

@article{Nesvorn2010,
  doi = {10.1088/2041-8205/709/1/l44},
  url = {https://doi.org/10.1088/2041-8205/709/1/l44},
  year = {2010},
  month = jan,
  publisher = {{IOP} Publishing},
  volume = {709},
  number = {1},
  pages = {L44--L48},
  author = {David Nesvorn{\'{y}} and Cristi{\'{a}}n Beaug{\'{e}}},
  title = {{FAST} {INVERSION} {METHOD} {FOR} {DETERMINATION} {OF} {PLANETARY} {PARAMETERS} {FROM} {TRANSIT} {TIMING} {VARIATIONS}},
  journal = {The Astrophysical Journal}
}

@article{Nesvorn2014,
  doi = {10.1088/0004-637x/790/1/58},
  url = {https://doi.org/10.1088/0004-637x/790/1/58},
  year = {2014},
  month = jul,
  publisher = {{IOP} Publishing},
  volume = {790},
  number = {1},
  pages = {58},
  author = {David Nesvorn{\'{y}} and David Vokrouhlick{\'{y}}},
  title = {{THE} {EFFECT} {OF} {CONJUNCTIONS} {ON} {THE} {TRANSIT} {TIMING} {VARIATIONS} {OF} {EXOPLANETS}},
  journal = {The Astrophysical Journal}
}

@article{Nesvorn2016,
  doi = {10.3847/0004-637x/823/2/72},
  url = {https://doi.org/10.3847/0004-637x/823/2/72},
  year = {2016},
  month = may,
  publisher = {American Astronomical Society},
  volume = {823},
  number = {2},
  pages = {72},
  author = {David Nesvorn{\'{y}} and David Vokrouhlick{\'{y}}},
  title = {{DYNAMICS} {AND} {TRANSIT} {VARIATIONS} {OF} {RESONANT} {EXOPLANETS}},
  journal = {The Astrophysical Journal}
}

@article{Orosz2012,
  doi = {10.1126/science.1228380},
  url = {https://doi.org/10.1126/science.1228380},
  year  = {2012},
  month = {aug},
  publisher = {American Association for the Advancement of Science ({AAAS})},
  volume = {337},
  number = {6101},
  pages = {1511--1514},
  author = {J. A. Orosz and W. F. Welsh and J. A. Carter and D. C. Fabrycky and W. D. Cochran and M. Endl and E. B. Ford and N. Haghighipour and P. J. MacQueen and T. Mazeh and R. Sanchis-Ojeda and D. R. Short and G. Torres and E. Agol and L. A. Buchhave and L. R. Doyle and H. Isaacson and J. J. Lissauer and G. W. Marcy and A. Shporer and G. Windmiller and T. Barclay and A. P. Boss and B. D. Clarke and J. Fortney and J. C. Geary and M. J. Holman and D. Huber and J. M. Jenkins and K. Kinemuchi and E. Kruse and D. Ragozzine and D. Sasselov and M. Still and P. Tenenbaum and K. Uddin and J. N. Winn and D. G. Koch and W. J. Borucki},
  title = {Kepler-47: A Transiting Circumbinary Multiplanet System},
  journal = {Science}
}

@article{Pal2010,
  doi = {10.1111/j.1365-2966.2010.17103.x},
  url = {https://doi.org/10.1111/j.1365-2966.2010.17103.x},
  year  = {2010},
  month = {nov},
  publisher = {Oxford University Press ({OUP})},
  volume = {409},
  number = {3},
  pages = {975--984},
  author = {Andr{\'{a}}s P{\'{a}}l},
  title = {Analysis of radial velocity variations in multiple planetary systems},
  journal = {Monthly Notices of the Royal Astronomical Society}
}

@article{Peale1993,
  doi = {10.1086/116536},
  url = {https://doi.org/10.1086/116536},
  year  = {1993},
  month = {apr},
  publisher = {{IOP} Publishing},
  volume = {105},
  pages = {1562},
  author = {S. J. Peale},
  title = {On the verification of the planetary system around {PSR} 1257 $\mathplus$ 12},
  journal = {The Astronomical Journal}
}

@article{Perryman2001,
  doi = {10.1051/0004-6361:20010085},
  url = {https://doi.org/10.1051/0004-6361:20010085},
  year  = {2001},
  month = {apr},
  publisher = {{EDP} Sciences},
  volume = {369},
  number = {1},
  pages = {339--363},
  author = {M. A. C. Perryman and K. S. de Boer and G. Gilmore and E. H{\o}g and M. G. Lattanzi and L. Lindegren and X. Luri and F. Mignard and O. Pace and P. T. de Zeeuw},
  title = {{GAIA}: Composition,  formation and evolution of the Galaxy},
  journal = {Astronomy {\&} Astrophysics}
}

@article{Rein2012,
  doi = {10.1051/0004-6361/201118085},
  url = {https://doi.org/10.1051/0004-6361/201118085},
  year = {2012},
  month = jan,
  publisher = {{EDP} Sciences},
  volume = {537},
  pages = {A128},
  author = {H. Rein and S.-F. Liu},
  title = {{REBOUND}: an open-source multi-{purposeN}-body code for collisional dynamics},
  journal = {Astronomy {\&} Astrophysics}
}

@article{Rein2014,
  doi = {10.1093/mnras/stu2164},
  url = {https://doi.org/10.1093/mnras/stu2164},
  year = {2014},
  month = nov,
  publisher = {Oxford University Press ({OUP})},
  volume = {446},
  number = {2},
  pages = {1424--1437},
  author = {Hanno Rein and David S. Spiegel},
  title = {ias15: a fast,  adaptive,  high-order integrator for gravitational dynamics,  accurate to machine precision over a billion orbits},
  journal = {Monthly Notices of the Royal Astronomical Society}
}

@ARTICLE{Rein2015,
   author = {{Rein}, H. and {Tamayo}, D.},
    title = "{WHFAST: a fast and unbiased implementation of a symplectic Wisdom-Holman integrator for long-term gravitational simulations}",
  journal = {\mnras},
archivePrefix = "arXiv",
   eprint = {1506.01084},
 primaryClass = "astro-ph.EP",
 keywords = {gravitation, methods: numerical, planets and satellites: dynamical evolution and stability},
     year = 2015,
    month = sep,
   volume = 452,
    pages = {376-388},
      doi = {10.1093/mnras/stv1257},
   adsurl = {http://adsabs.harvard.edu/abs/2015MNRAS.452..376R},
  adsnote = {Provided by the SAO/NASA Astrophysics Data System}
}

@ARTICLE{Rein2016,
   author = {{Rein}, H. and {Tamayo}, D.},
    title = "{Second-order variational equations for N-body simulations}",
  journal = {\mnras},
archivePrefix = "arXiv",
   eprint = {1603.03424},
 primaryClass = "astro-ph.EP",
 keywords = {gravitation, methods: numerical, planets and satellites: dynamical evolution and stability},
     year = 2016,
    month = jul,
   volume = 459,
    pages = {2275-2285},
      doi = {10.1093/mnras/stw644},
   adsurl = {http://adsabs.harvard.edu/abs/2016MNRAS.459.2275R},
  adsnote = {Provided by the SAO/NASA Astrophysics Data System}
}

@article{Saquet2017,
  doi = {10.1093/mnras/stx2957},
  url = {https://doi.org/10.1093/mnras/stx2957},
  year  = {2017},
  month = {nov},
  publisher = {Oxford University Press ({OUP})},
  volume = {474},
  number = {4},
  pages = {4730--4739},
  author = {E Saquet and N Emelyanov and V Robert and J-E Arlot and P Anbazhagan and K Bailli{\'{e}} and J Bardecker and A A Berezhnoy and M Bretton and F Campos and L Capannoli and B Carry and M Castet and Y Charbonnier and M M Chernikov and A Christou and F Colas and J-F Coliac and G Dangl and O Dechambre and M Delcroix and A Dias-Oliveira and C Drillaud and Y Duchemin and R Dunford and P Dupouy and C Ellington and P Fabre and V A Filippov and J Finnegan and S Foglia and D Font and B Gaillard and G Galli and J Garlitz and A Gasmi and H S Gaspar and D Gault and K Gazeas and T George and S Y Gorda and D L Gorshanov and C Gualdoni and K Guhl and K Halir and W Hanna and X Henry and D Herald and G Houdin and Y Ito and I S Izmailov and J Jacobsen and A Jones and S Kamoun and E Kardasis and A M Karimov and M Y Khovritchev and A M Kulikova and J Laborde and V Lainey and M Lavayssiere and P Le Guen and A Leroy and B Loader and O C Lopez and A Y Lyashenko and P G Lyssenko and D I Machado and N Maigurova and J Manek and A Marchini and T Midavaine and J Montier and B E Morgado and K N Naumov and A Nedelcu and J Newman and J M Ohlert and A Oksanen and H Pavlov and E Petrescu and A Pomazan and M Popescu and A Pratt and V N Raskhozhev and J-M Resch and D Robilliard and E Roschina and E Rothenberg and M Rottenborn and S A Rusov and F Saby and L F Saya and G Selvakumar and F Signoret and V Y Slesarenko and E N Sokov and J Soldateschi and A Sonka and G Soulie and J Talbot and V G Tejfel and W Thuillot and B Timerson and R Toma and S Torsellini and L L Trabuco and P Traverse and V Tsamis and M Unwin and F Van Den Abbeel and H Vandenbruaene and R Vasundhara and Y I Velikodsky and A Vienne and J Vilar and J-M Vugnon and N Wuensche and P Zeleny},
  title = {The {PHEMU}15 catalogue and astrometric results of the Jupiter{\textquotesingle}s Galilean satellite mutual occultation and eclipse observations made in 2014{\textendash}2015},
  journal = {Monthly Notices of the Royal Astronomical Society}
}

@ARTICLE{Sitarski1995b,
   author = {{Sitarski}, G. and {Todororovic-Juchniewicz}, B.},
    title = "{Determination of Masses of Ceres and Vesta from Their Perturbations on Four Asteroids}",
  journal = {\actaa},
 keywords = {MINOR PLANETS: ASTEROIDS},
     year = 1995,
    month = jul,
   volume = 45,
    pages = {673-677},
   adsurl = {http://adsabs.harvard.edu/abs/1995AcA....45..673S},
  adsnote = {Provided by the SAO/NASA Astrophysics Data System}
}

@ARTICLE{Sitarski1995a,
   author = {{Sitarski}, G.},
    title = "{Determination of Masses of Mercury and Venus from Observations of Five Minor Planets}",
  journal = {\actaa},
 keywords = {PLANETS AND SATELLITES: INDIVIDUAL: MERCURY: VENUS, MINOR PLANETS: ASTEROIDS},
     year = 1995,
    month = jul,
   volume = 45,
    pages = {665-672},
   adsurl = {http://adsabs.harvard.edu/abs/1995AcA....45..665S},
  adsnote = {Provided by the SAO/NASA Astrophysics Data System}
}

@article{Sozzetti2005,
  doi = {10.1086/444487},
  url = {https://doi.org/10.1086/444487},
  year  = {2005},
  month = {oct},
  publisher = {{IOP} Publishing},
  volume = {117},
  number = {836},
  pages = {1021--1048},
  author = {Alessandro Sozzetti},
  title = {Astrometric Methods and Instrumentation to Identify and Characterize Extrasolar Planets: A Review},
  journal = {Publications of the Astronomical Society of the Pacific}
}

@INPROCEEDINGS{Sozzetti2012,
   author = {{Sozzetti}, A.},
    title = "{Astrometry and Exoplanet Characterization: Gaia and Its Pandora's Box}",
booktitle = {Orbital Couples: Pas de Deux in the Solar System and the Milky Way},
     year = 2012,
archivePrefix = "arXiv",
   eprint = {1201.3484},
 primaryClass = "astro-ph.EP",
   editor = {{Arenou}, F. and {Hestroffer}, D.},
    month = may,
    pages = {25-31},
   adsurl = {http://adsabs.harvard.edu/abs/2012ocpd.conf...25S},
  adsnote = {Provided by the SAO/NASA Astrophysics Data System}
}

@ARTICLE{Wagner2016,
   author = {{Wagner}, K. and {Apai}, D. and {Kasper}, M. and {Kratter}, K. and 
	{McClure}, M. and {Robberto}, M. and {Beuzit}, J.-L.},
    title = "{Direct imaging discovery of a Jovian exoplanet within a triple-star system}",
  journal = {Science},
archivePrefix = "arXiv",
   eprint = {1607.02525},
 primaryClass = "astro-ph.EP",
     year = 2016,
    month = aug,
   volume = 353,
    pages = {673-678},
      doi = {10.1126/science.aaf9671},
   adsurl = {http://adsabs.harvard.edu/abs/2016Sci...353..673W},
  adsnote = {Provided by the SAO/NASA Astrophysics Data System}
}

@ARTICLE{Wisdom2015,
   author = {{Wisdom}, J. and {Hernandez}, D.~M.},
    title = "{A fast and accurate universal Kepler solver without Stumpff series}",
  journal = {Monthly Notices of the Royal Astronomical Society},
archivePrefix = "arXiv",
   eprint = {1508.02699},
 primaryClass = "astro-ph.IM",
 keywords = {methods: numerical, celestial mechanics},
     year = 2015,
    month = nov,
   volume = 453,
    pages = {3015-3023},
      doi = {10.1093/mnras/stv1862},
   adsurl = {http://adsabs.harvard.edu/abs/2015MNRAS.453.3015W},
  adsnote = {Provided by the SAO/NASA Astrophysics Data System}
}

@article{Wisdom1991,
  doi = {10.1086/115978},
  url = {https://doi.org/10.1086/115978},
  year  = {1991},
  month = {oct},
  publisher = {{IOP} Publishing},
  volume = {102},
  pages = {1528},
  author = {Jack Wisdom and Matthew Holman},
  title = {Symplectic maps for the n-body problem},
  journal = {The Astronomical Journal}
}

@article{Wisdom1996,
  title={Symplectic correctors},
  author={Wisdom, Jack and Holman, M and Touma, J},
  journal={Fields Institute Communications},
  volume={10},
  pages={217},
  year={1996}
}

@ARTICLE{Wolszczan1994,
   author = {{Wolszczan}, A.},
    title = "{Confirmation of Earth-Mass Planets Orbiting the Millisecond Pulsar PSR B1257+12}",
  journal = {Science},
     year = 1994,
    month = apr,
   volume = 264,
    pages = {538-542},
      doi = {10.1126/science.264.5158.538},
   adsurl = {http://adsabs.harvard.edu/abs/1994Sci...264..538W},
  adsnote = {Provided by the SAO/NASA Astrophysics Data System}
}

@ARTICLE{Wright2009,
   author = {{Wright}, J.~T. and {Howard}, A.~W.},
    title = "{Efficient Fitting of Multiplanet Keplerian Models to Radial Velocity and Astrometry Data}",
  journal = {\apjs},
archivePrefix = "arXiv",
   eprint = {0904.3725},
 primaryClass = "astro-ph.SR",
 keywords = {astrometry, methods: data analysis, methods: numerical, planetary systems, techniques: radial velocities},
     year = 2009,
    month = may,
   volume = 182,
      eid = {205-215},
    pages = {205-215},
      doi = {10.1088/0067-0049/182/1/205},
   adsurl = {http://adsabs.harvard.edu/abs/2009ApJS..182..205W},
  adsnote = {Provided by the SAO/NASA Astrophysics Data System}
}

@article{Rasio1992,
  doi = {10.1038/355325a0},
  url = {https://doi.org/10.1038/355325a0},
  year  = {1992},
  month = {jan},
  publisher = {Springer Nature},
  volume = {355},
  number = {6358},
  pages = {325--326},
  author = {F. A. Rasio and P. D. Nicholson and S. L. Shapiro and S. A. Teukolsky},
  title = {An observational test for the existence of a planetary system orbiting
		{PSR}1257 $\mathplus$ 12},
  journal = {Nature}
}

@article{Wolszczan1992,
  doi = {10.1038/355145a0},
  url = {https://doi.org/10.1038/355145a0},
  year  = {1992},
  month = {jan},
  publisher = {Springer Nature},
  volume = {355},
  number = {6356},
  pages = {145--147},
  author = {A. Wolszczan and D. A. Frail},
  title = {A planetary system around the millisecond pulsar {PSR}1257 $\mathplus$ 12},
  journal = {Nature}
}


@article{Yoffe2021,
  doi = {10.3847/1538-4357/abc87a},
  url = {https://doi.org/10.3847/1538-4357/abc87a},
  year = {2021},
  month = feb,
  publisher = {American Astronomical Society},
  volume = {908},
  number = {1},
  pages = {114},
  author = {Gideon Yoffe and Aviv Ofir and Oded Aharonson},
  title = {A Simplified Photodynamical Model for Planetary Mass Determination in Low-eccentricity Multitransiting Systems},
  journal = {The Astrophysical Journal}
}







@ARTICLE{Tamayo2020,
       author = {{Tamayo}, Daniel and {Rein}, Hanno and {Shi}, Pengshuai and {Hernandez}, David M.},
        title = "{REBOUNDx: a library for adding conservative and dissipative forces to otherwise symplectic N-body integrations}",
      journal = {\mnras},
     keywords = {gravitation, methods: numerical, planets and satellites: dynamical evolution and stability, Astrophysics - Earth and Planetary Astrophysics, Astrophysics - Instrumentation and Methods for Astrophysics},
         year = 2020,
        month = jan,
       volume = {491},
       number = {2},
        pages = {2885-2901},
          doi = {10.1093/mnras/stz2870},
archivePrefix = {arXiv},
       eprint = {1908.05634},
 primaryClass = {astro-ph.EP},
       adsurl = {https://ui.adsabs.harvard.edu/abs/2020MNRAS.491.2885T},
      adsnote = {Provided by the SAO/NASA Astrophysics Data System}
}

@ARTICLE{Hernandez2018,
       author = {{Hernandez}, David M. and {Bertschinger}, Edmund},
        title = "{Time-symmetric integration in astrophysics}",
      journal = {\mnras},
     keywords = {methods: numerical, celestial mechanics, planets and satellites: dynamical evolution and stability, globular clusters: general, Astrophysics - Instrumentation and Methods for Astrophysics, Astrophysics - Earth and Planetary Astrophysics, Astrophysics - Solar and Stellar Astrophysics},
         year = 2018,
        month = apr,
       volume = {475},
       number = {4},
        pages = {5570-5584},
          doi = {10.1093/mnras/sty184},
archivePrefix = {arXiv},
       eprint = {1708.07266},
 primaryClass = {astro-ph.IM},
       adsurl = {https://ui.adsabs.harvard.edu/abs/2018MNRAS.475.5570H},
      adsnote = {Provided by the SAO/NASA Astrophysics Data System}
}

